
@misc{_beugungsintegral_2015,
	title = {Beugungsintegral},
	copyright = {Creative Commons Attribution-ShareAlike License},
	url = {https://de.wikipedia.org/w/index.php?title=Beugungsintegral&oldid=138644725},
	abstract = {Das Beugungsintegral ermöglicht es, in der Optik die Beugung von Licht durch eine beliebig geformte Blende zu berechnen. Speziell wird dabei die an einem Punkt des Beobachtungsschirms auftreffende Intensität des Lichtes berechnet, ausgehend von einer einfallenden Elementarwelle und der Blendenfunktion, welche die Lichtdurchlässigkeit der Blende beschreibt.
Zwei Grenzfälle des Beugungsintegrals sind die Näherungen für das Fernfeld (Fraunhofer-Beugung) und für das Nahfeld (Fresnel-Beugung). Siehe dazu die entsprechenden Teilabschnitte.

Die nebenstehende Skizze zeigt die experimentelle Anordnung, bestehend aus einer Lichtquelle , einer Blende , an der das einfallende Licht gebeugt wird, und einem Beobachtungsschirm, auf dem die auftreffende Lichtintensität an  untersucht wird. Die Form und die Eigenschaften der Blende bestimmen dabei, wie die Intensitätsverteilung auf dem Beobachtungsschirm aussieht.
Hat die Blende z. B. die Form eines Doppelspalts, so ergibt sich als Intensitätsverteilung das bekannte Interferenzmuster. Weitere Anwendungen des Beugungsintegrals sind z. B. Beugungsscheibchen und Klotoide.},
	language = {de},
	urldate = {2015-08-28},
	journal = {Wikipedia},
	month = feb,
	year = {2015},
	note = {Page Version ID: 138644725},
	file = {Snapshot:/home/rene/.mozilla/firefox/bo4djea1.default/zotero/storage/SDENB5GE/index.html:text/html}
}

@book{easton_fourier_2010,
	address = {Chichester},
	title = {Fourier methods in imaging},
	isbn = {978-0-470-68983-7},
	language = {English},
	publisher = {Wiley},
	author = {Easton, Roger L},
	year = {2010}
}

@book{stossel_fourieroptik:_1993,
	address = {Berlin; Heidelberg; New York; London; Paris; Tokyo; Hong Kong; Barcelona; Budapest},
	title = {Fourieroptik: eine {Einführung} ; mit 47 Übungsaufgaben und {Lösungen}},
	isbn = {978-3-540-53287-3 978-0-387-53287-5},
	shorttitle = {Fourieroptik},
	language = {German},
	publisher = {Springer},
	author = {Stössel, Wolfgang},
	year = {1993}
}

@misc{_huygenssches_????,
	title = {Huygenssches {Prinzip} – {Wikipedia}},
	url = {https://de.wikipedia.org/wiki/Huygenssches_Prinzip},
	urldate = {2015-08-28},
	file = {Huygenssches Prinzip – Wikipedia:/home/rene/.mozilla/firefox/bo4djea1.default/zotero/storage/ZARK3B8F/Huygenssches_Prinzip.html:text/html}
}

@misc{_jpeg_2015,
	title = {{JPEG}},
	copyright = {Creative Commons Attribution-ShareAlike License},
	url = {https://en.wikipedia.org/w/index.php?title=JPEG&oldid=677928895},
	abstract = {In computing, JPEG (/ˈdʒeɪpɛɡ/ JAY-peg) (seen most often with the .jpg or .jpeg filename extension) is a commonly used method of lossy compression for digital images, particularly for those images produced by digital photography. The degree of compression can be adjusted, allowing a selectable tradeoff between storage size and image quality. JPEG typically achieves 10:1 compression with little perceptible loss in image quality.
JPEG compression is used in a number of image file formats. JPEG/Exif is the most common image format used by digital cameras and other photographic image capture devices; along with JPEG/JFIF, it is the most common format for storing and transmitting photographic images on the World Wide Web. These format variations are often not distinguished, and are simply called JPEG.
The term "JPEG" is an acronym for the Joint Photographic Experts Group, which created the standard. The MIME media type for JPEG is image/jpeg (defined in RFC 1341), except in older Internet Explorer versions, which provides a MIME type of image/pjpeg when uploading JPEG images.
JPEG/JFIF supports a maximum image size of 65535×65535 pixels, hence up to 4 gigapixels (for an aspect ratio of 1:1).},
	language = {en},
	urldate = {2015-08-27},
	journal = {Wikipedia, the free encyclopedia},
	month = aug,
	year = {2015},
	note = {Page Version ID: 677928895},
	file = {Snapshot:/home/rene/.mozilla/firefox/bo4djea1.default/zotero/storage/TWJ5ESZX/index.html:text/html}
}

@misc{universitat_gottingen_lp_????,
	title = {{LP} – {Fouriertransformation} in der {Optik}},
	url = {https://lp.uni-goettingen.de/get/text/5416},
	urldate = {2015-08-28},
	author = {{Universität Göttingen}},
	file = {LP – Fouriertransformation in der Optik:/home/rene/.mozilla/firefox/bo4djea1.default/zotero/storage/UTCS8XSM/5416.html:text/html}
}

@misc{farnell.com_osd15-5t_????,
	title = {{OSD}15-5T - {CENTRONIC} - {FOTO} {DETEKTOR} 5NA},
	url = {http://de.farnell.com/centronic/osd15-5t/foto-detektor-5na/dp/548730?ost=548730},
	urldate = {2015-08-27},
	author = {{Farnell.com}},
	file = {Microsoft Word - SERIES5T.doc - 316996.pdf:/home/rene/.mozilla/firefox/bo4djea1.default/zotero/storage/XZH6WNHA/316996.pdf:application/pdf;OSD15-5T. - CENTRONIC - FOTO DETEKTOR 5NA | Farnell element14 Deutschland:/home/rene/.mozilla/firefox/bo4djea1.default/zotero/storage/NQ8ZVAIC/548730.html:text/html}
}

@book{panigrahi_schlieren_2012,
	address = {New York},
	series = {{SpringerBriefs} in applied sciences and technology. {Thermal} engineering and applied science},
	title = {Schlieren and shadowgraph methods in heat and mass transfer},
	isbn = {978-1-4614-4534-0 978-1-4614-4535-7},
	publisher = {Springer},
	author = {Panigrahi, Pradipta Kumar and Muralidhar, Krishnamurthy},
	year = {2012},
	keywords = {Heat, Mass transfer, Schlieren methods (Optics), Transmission}
}

@misc{prof._dr._norbert_link_vorlesungsscript:_????,
	title = {Vorlesungsscript: {Diskrete} {Fouriertransformation} - {Informationsgewinnung} ({Computer} {Vision})},
	url = {http://www.home.hs-karlsruhe.de/~laas0002/Skripte/},
	urldate = {2015-08-27},
	author = {{Prof. Dr. Norbert Link}},
	file = {Index of /~laas0002/Skripte:/home/rene/.mozilla/firefox/bo4djea1.default/zotero/storage/U2D72EAW/Skripte.html:text/html}
}