
@book{kopitzki_einfuhrung_2009,
	address = {Wiesbaden},
	edition = {6., überarb. Aufl., unveränd. Nachdr},
	series = {Studium},
	title = {Einführung in die {Festkörperphysik}},
	isbn = {978-3-8351-0144-9},
	language = {ger},
	publisher = {Vieweg + Teubner},
	author = {Kopitzki, Konrad and Herzog, Peter},
	year = {2009},
	keywords = {Festkörperphysik, Lehrbuch, Solid state physics},
	annote = {Literaturverz. S. [469] - 474},
	file = {Table of Contents PDF:/home/rene/.mozilla/firefox/bo4djea1.default/zotero/storage/E8UZJ3SB/Kopitzki and Herzog - 2009 - Einführung in die Festkörperphysik.pdf:application/pdf}
}

@book{tipler_modern_2008,
	address = {New York, NY},
	edition = {5th ed},
	title = {Modern physics},
	isbn = {978-0-7167-7550-8},
	publisher = {W.H. Freeman},
	author = {Tipler, Paul Allen and Llewellyn, Ralph A.},
	year = {2008},
	keywords = {Physics}
}

@book{weisbuch_quantum_1991,
	address = {Boston},
	title = {Quantum semiconductor structures: fundamentals and applications},
	isbn = {978-0-12-742680-8},
	shorttitle = {Quantum semiconductor structures},
	publisher = {Academic Press},
	author = {Weisbuch, C. and Vinter, Borge},
	year = {1991},
	keywords = {Quantum Hall effect, Semiconductors}
}